{
  "leader": "02422cam a2200433Ii 4500",
  "fields": [
    {
      "001": "ocm00479107\\"
    },
    {
      "003": "OCoLC"
    },
    {
      "005": "20220103175258.0"
    },
    {
      "008": "721027s1959\\\\\\\\nyu\\\\\\\\\\\\b\\\\\\\\000\\0\\eng\\d"
    },
    {
      "010": {
        "ind1": "\\",
        "ind2": "\\",
        "subfields": [
          {
            "a": "   58013679 "
          }
        ]
      }
    },
    {
      "040": {
        "ind1": "\\",
        "ind2": "\\",
        "subfields": [
          {
            "a": "OUN"
          },
          {
            "b": "eng"
          },
          {
            "c": "OUN"
          },
          {
            "d": "OCL"
          },
          {
            "d": "OCLCQ"
          },
          {
            "d": "OCLCG"
          },
          {
            "d": "STF"
          },
          {
            "d": "GEBAY"
          },
          {
            "d": "KIJ"
          },
          {
            "d": "UKMGB"
          },
          {
            "d": "DEBBG"
          },
          {
            "d": "OCLCQ"
          },
          {
            "d": "OCLCO"
          },
          {
            "d": "OCLCF"
          },
          {
            "d": "OCLCQ"
          },
          {
            "d": "OCL"
          },
          {
            "d": "AJS"
          },
          {
            "d": "VVB"
          },
          {
            "d": "IL4J6"
          }
        ]
      }
    },
    {
      "016": {
        "ind1": "7",
        "ind2": "\\",
        "subfields": [
          {
            "a": "001699291"
          },
          {
            "2": "Uk"
          }
        ]
      }
    },
    {
      "019": {
        "ind1": "\\",
        "ind2": "\\",
        "subfields": [
          {
            "a": "1006742708"
          },
          {
            "a": "1019179671"
          },
          {
            "a": "1020228551"
          },
          {
            "a": "1064244354"
          },
          {
            "a": "1150844978"
          },
          {
            "a": "1200998792"
          },
          {
            "a": "1201013772"
          },
          {
            "a": "1221695632"
          }
        ]
      }
    },
    {
      "035": {
        "ind1": "\\",
        "ind2": "\\",
        "subfields": [
          {
            "a": "(OCoLC)479107"
          },
          {
            "z": "(OCoLC)1006742708"
          },
          {
            "z": "(OCoLC)1019179671"
          },
          {
            "z": "(OCoLC)1020228551"
          },
          {
            "z": "(OCoLC)1064244354"
          },
          {
            "z": "(OCoLC)1150844978"
          },
          {
            "z": "(OCoLC)1200998792"
          },
          {
            "z": "(OCoLC)1201013772"
          },
          {
            "z": "(OCoLC)1221695632"
          }
        ]
      }
    },
    {
      "043": {
        "ind1": "\\",
        "ind2": "\\",
        "subfields": [
          {
            "a": "n-us---"
          },
          {
            "a": "e-ur---"
          }
        ]
      }
    },
    {
      "050": {
        "ind1": "\\",
        "ind2": "4",
        "subfields": [
          {
            "a": "JX1954"
          },
          {
            "b": ".H58"
          }
        ]
      }
    },
    {
      "082": {
        "ind1": "0",
        "ind2": "4",
        "subfields": [
          {
            "a": "327.73047"
          },
          {
            "b": "HOC"
          }
        ]
      }
    },
    {
      "100": {
        "ind1": "1",
        "ind2": "\\",
        "subfields": [
          {
            "a": "Hocking, William Ernest,"
          },
          {
            "d": "1873-1966."
          }
        ]
      }
    },
    {
      "245": {
        "ind1": "1",
        "ind2": "0",
        "subfields": [
          {
            "a": "Strength of men and nations;"
          },
          {
            "b": "a message to the USA vis-a\u0300-vis the USSR /"
          },
          {
            "c": "William Ernest Hocking."
          }
        ]
      }
    },
    {
      "250": {
        "ind1": "\\",
        "ind2": "\\",
        "subfields": [
          {
            "a": "[1st ed.]."
          }
        ]
      }
    },
    {
      "260": {
        "ind1": "\\",
        "ind2": "\\",
        "subfields": [
          {
            "a": "New York,"
          },
          {
            "b": "Harper"
          },
          {
            "c": "[1959]"
          }
        ]
      }
    },
    {
      "300": {
        "ind1": "\\",
        "ind2": "\\",
        "subfields": [
          {
            "a": "viii, 248 pages"
          },
          {
            "c": "22 cm"
          }
        ]
      }
    },
    {
      "336": {
        "ind1": "\\",
        "ind2": "\\",
        "subfields": [
          {
            "a": "text"
          },
          {
            "b": "txt"
          },
          {
            "2": "rdacontent"
          }
        ]
      }
    },
    {
      "337": {
        "ind1": "\\",
        "ind2": "\\",
        "subfields": [
          {
            "a": "unmediated"
          },
          {
            "b": "n"
          },
          {
            "2": "rdamedia"
          }
        ]
      }
    },
    {
      "338": {
        "ind1": "\\",
        "ind2": "\\",
        "subfields": [
          {
            "a": "volume"
          },
          {
            "b": "nc"
          },
          {
            "2": "rdacarrier"
          }
        ]
      }
    },
    {
      "340": {
        "ind1": "\\",
        "ind2": "\\",
        "subfields": [
          {
            "m": "8vo."
          },
          {
            "2": "rdabf"
          }
        ]
      }
    },
    {
      "504": {
        "ind1": "\\",
        "ind2": "\\",
        "subfields": [
          {
            "a": "Includes bibliographical references."
          }
        ]
      }
    },
    {
      "505": {
        "ind1": "0",
        "ind2": "\\",
        "subfields": [
          {
            "a": "Three types of diplomacy -- The cold war for men's minds -- Our economic puzzledom -- Basic rights in the light of experience -- Our double morality -- The demos and democracy -- Realities of the international scene -- Tangible realities: the power and up-push of peoples -- Tangible realities: the process of history -- Foundations of national strength -- Conditions of justified risk -- Moral dilemmas of peace -- Appendix I: The international role of art in revolutionary times -- Appendix II: Roles of law and diplomacy."
          }
        ]
      }
    },
    {
      "650": {
        "ind1": "\\",
        "ind2": "0",
        "subfields": [
          {
            "a": "International relations."
          }
        ]
      }
    },
    {
      "651": {
        "ind1": "\\",
        "ind2": "0",
        "subfields": [
          {
            "a": "United States"
          },
          {
            "x": "Foreign relations"
          },
          {
            "z": "Soviet Union."
          }
        ]
      }
    },
    {
      "651": {
        "ind1": "\\",
        "ind2": "0",
        "subfields": [
          {
            "a": "Soviet Union"
          },
          {
            "x": "Foreign relations"
          },
          {
            "z": "United States."
          }
        ]
      }
    },
    {
      "650": {
        "ind1": "\\",
        "ind2": "7",
        "subfields": [
          {
            "a": "Diplomatic relations"
          },
          {
            "2": "fast"
          },
          {
            "0": "(OCoLC)fst01907412"
          }
        ]
      }
    },
    {
      "650": {
        "ind1": "\\",
        "ind2": "7",
        "subfields": [
          {
            "a": "International relations."
          },
          {
            "2": "fast"
          },
          {
            "0": "(OCoLC)fst00977053"
          }
        ]
      }
    },
    {
      "651": {
        "ind1": "\\",
        "ind2": "7",
        "subfields": [
          {
            "a": "Soviet Union."
          },
          {
            "2": "fast"
          },
          {
            "0": "(OCoLC)fst01210281"
          }
        ]
      }
    },
    {
      "651": {
        "ind1": "\\",
        "ind2": "7",
        "subfields": [
          {
            "a": "United States."
          },
          {
            "2": "fast"
          },
          {
            "0": "(OCoLC)fst01204155"
          }
        ]
      }
    },
    {
      "776": {
        "ind1": "0",
        "ind2": "8",
        "subfields": [
          {
            "i": "Online version:"
          },
          {
            "a": "Hocking, William Ernest, 1873-1966."
          },
          {
            "t": "Strength of men and nations."
          },
          {
            "b": "[1st ed.]."
          },
          {
            "d": "New York, Harper [1959]"
          },
          {
            "w": "(OCoLC)612865225"
          }
        ]
      }
    },
    {
      "994": {
        "ind1": "\\",
        "ind2": "\\",
        "subfields": [
          {
            "a": "Z0"
          },
          {
            "b": "NYRVC"
          }
        ]
      }
    },
    {
      "948": {
        "ind1": "\\",
        "ind2": "\\",
        "subfields": [
          {
            "h": "NO HOLDINGS IN NYRVC - 448 OTHER HOLDINGS"
          }
        ]
      }
    },
    {
      "999": {
        "ind1": "\\",
        "ind2": "\\",
        "subfields": [
          {
            "a": "00000000014159"
          }
        ]
      }
    }
  ]
}